<?xml version="1.0" encoding="UTF-8"?><collection xmlns="http://www.loc.gov/MARC21/slim"><record><leader>00393nam--2200145-i-4500</leader><controlfield tag="001">000005672</controlfield><controlfield tag="002">20161230</controlfield><controlfield tag="005">20170219231754</controlfield><controlfield tag="008">060222s1000------------r-----000-0-eng-d</controlfield><datafield ind1=" " ind2=" " tag="100"><subfield code="a">Davis, D. A</subfield></datafield><datafield ind1=" " ind2=" " tag="245"><subfield code="a">Elektromechanical components for servomechanisms</subfield></datafield><datafield ind1=" " ind2=" " tag="260"><subfield code="a">New York</subfield><subfield code="b">Mcgraw-hill Book Co.Inc</subfield><subfield code="c">1961</subfield></datafield><datafield ind1=" " ind2=" " tag="300"><subfield code="a">X+338 p</subfield></datafield><datafield ind1=" " ind2=" " tag="700"><subfield code="a">Ledgerwood, B. K</subfield></datafield><datafield ind1=" " ind2=" " tag="CAT"><subfield code="a">SYS</subfield><subfield code="c">20170219</subfield><subfield code="h">231754</subfield></datafield></record></collection>